@article{Agrawal1993,
	Author = {Agrawal, Rakesh and Imieli\'{n}ski, Tomasz and Swami, Arun},
	Title = {{M}ining {A}ssociation {R}ules {B}etween {S}ets of {I}tems in {L}arge {D}atabases},
	Journal = {SIGMOD Rec.},
	Volume = {22},
	Number = {2},
	Month = {June},
	Year = {1993},
	Pages = {207-216}}

@article{Bastide2000,
	Author = {Bastide, Yves and Taouil, Rafik and Pasquier, Nicolas and Stumme, Gerd and Lakhal, Lotfi},
	Title = {Mining frequent patterns with counting inference},
	Journal = {SIGKDD Explorations},
	Volume = {2},
	Number = {2},
	Month = {December},
	Year = {2000}}

@article{Bazhanov2013,
	Author = {Bazhanov, Konstantin and Obiedkov, Sergei},
	Title = {Optimizations in computing the {D}uquenne-{G}uigues basis of implications},
	Journal = {Annals of Mathematics and Artificial Intelligence},
	Volume = {70},
	Number = {1},
	Year = {2013},
	Pages = {5-24}}

@inproceedings{Becker2002,
	Author = {Becker, Peter and Hereth, Joachim and Stumme, Gerd},
	Title = {Toscana{J}: {A}n {O}pen {S}ource {T}ool for {Q}ualitative {D}ata {A}nalysis},
	Booktitle = {Advances in Formal Concept Analysis for Knowledge Discovery in Databases (FCAKDD'2002)},
	Month = {July},
	Year = {2002},
	Pages = {1-2}}

@misc{Bertet2014,
	Author = {Bertet, Karell and Demko, Christophe and Viaud, Jean-Fran{\c c}ois and Gu{\'e}rin, Cl{\'e}ment},
	Title = {{java-lattices}: a {J}ava library for lattices computation},
	Howpublished = {\url{http://thegalactic.org}},
	Year = {2014}}

@inproceedings{Biedermann1997,
	Author = {Biedermann, Klaus},
	Title = {How {T}riadic {D}iagrams {R}epresent {C}onceptual {S}tructures},
	Booktitle = {ICCS},
	Year = {1997},
	Pages = {304-317}}

@article{Bordat1986,
	Author = {Bordat, J. P.},
	Title = {Calcul pratique du treillis de {G}alois d'une correspondance},
	Journal = {Math{\'e}matiques et Sciences Humaines},
	Volume = {96},
	Year = {1986},
	Pages = {31-47}}

@book{Caspard2007,
	Author = {Caspard, Nathalie and Leclerc, Bruno and Monjardet, Bernard},
	Title = {Ensembles ordonn{\'e}s finis : concepts, r{\'e}sultats et usages},
	Publisher = {Springer-Verlag Berlin Heidelberg},
	Year = {2007}}

@inproceedings{Demko2011,
	Author = {Demko, Christophe and Bertet, Karell},
	Title = {Generation {A}lgorithm of a {C}oncept {L}attice with {L}imited {O}bject {A}ccess},
	Booktitle = {Proceedings of The Eighth International Conference on Concept Lattices and Their Applications},
	Year = {2011},
	Pages = {239-250}}

@article{Fredman1996,
	Author = {Fredman, Michael L. and Khachiyan, Leonid},
	Title = {On the {C}omplexity of {D}ualization of {M}onotone {D}isjunctive {N}ormal {F}orms},
	Journal = {J. Algorithms},
	Volume = {21},
	Number = {3},
	Year = {1996},
	Pages = {618-628}}

@inbook{Ganter2010,
	Author = {Ganter, Bernhard},
	Title = {Formal Concept Analysis: 8th International Conference, ICFCA 2010, Agadir, Morocco, March 15-18, 2010. Proceedings},
	Publisher = {Springer Berlin Heidelberg},
	Chapter = {Two Basic Algorithms in Concept Analysis},
	Year = {2010},
	Pages = {312-340}}

@inproceedings{Ganter2004,
	Author = {Ganter, Bernhard and Obiedkov, Sergei A.},
	Title = {{I}mplications in {T}riadic {F}ormal {C}ontexts},
	Booktitle = {ICCS},
	Year = {2004},
	Pages = {186-195}}

@book{Ganter1999,
	Author = {Ganter, Bernhard and Wille, Rudolf},
	Title = {Formal Concept Analysis: Mathematical Foundations},
	Publisher = {Springer-Verlag New York, Inc.},
	Year = {1999}}

@inproceedings{Gasmi2005,
	Author = {Gasmi, Ghada and Yahia, Sadok Ben Ben and Nguifo, Engelbert Mephu and Slimani, Yahya},
	Title = {{I}{G}{B}: {A} {N}ew {I}nformative {G}eneric {B}ase of {A}ssociation {R}ules},
	Booktitle = {9th Pacific-Asia Conference, PAKDD},
	Month = {May},
	Year = {2005},
	Publisher = {Springer Berlin Heidelberg},
	Pages = {81-90}}

@article{Guigues1986,
	Author = {Guigues, J. L. and Duquenne V.},
	Title = {Familles minimales d'implications informatives r{\'e}sultant d'un tableau de donn{\'e}es binaires},
	Journal = {Math\'ematiques et Sciences Humaines},
	Volume = {95},
	Year = {1986},
	Pages = {5-18}}

@book{Han2005,
	Author = {Han, Jiawei and Kamber, Micheline},
	Title = {Data Mining: Concepts and Techniques},
	Publisher = {Morgan Kaufmann Publishers Inc.},
	Address = {San Francisco, CA, USA},
	Year = {2005}}

@inproceedings{Kaytoue2010,
	Author = {Kaytoue, Mehdi and Marcuola, Florent and Napoli, Amedeo and Szathmary, Laszlo and Villerd, Jean},
	Title = {The {C}oron {S}ystem},
	Booktitle = {8th International Conference on Formal Concept Analsis - ICFCA 2010},
	Address = {Agadir, Morocco},
	Year = {2010},
	Pages = {55-58}}

@inproceedings{Kryszkiewicz2002,
	Author = {Kryszkiewicz, Marzena and Gajek, Marcin},
	Title = {{C}oncise {R}epresentation of {F}requent {P}atterns {B}ased on {G}eneralized {D}isjunction-{F}ree {G}enerators},
	Booktitle = {6th Pacific-Asia Conference, PAKDD},
	Publisher = {Springer-Verlag},
	Year = {2002},
	Pages = {159-171}}

@article{LeFloch2003,
	Author = {Le Floc'h, Am{\'e}lie and Fisette, Christian and Missaoui, Rokia and Valtchev, Pekto and Godin, Robert},
	Title = {{J}{E}{N} : un algorithme efficace de construction de g{\'e}n{\'e}rateurs pour l'identification des r{\`e}gles d'association},
	Journal = {Revue ECA},
	Number = {Y},
	Pages = {1-Z},
	Publisher = {Herm{\`e}s {S}cience publications},
	Volume = {X},
	Year = {2003}}

@inproceedings{Lehmann1995,
	Author = {Lehmann, Fritz and  Wille, Rudolf},
	Title = {{A} {T}riadic {A}pproach to {F}ormal {C}oncept {A}nalysis},
	Booktitle = {Proceedings of the Third International Conference on Conceptual Structures: Applications, Implementation and Theory},
	Year = {1995},
	Pages = {32-43}}

@article{Luxenburger1991,
	Author = {Luxenburger, Michael},
	Title = {Implications partielles dans un contexte},
	Journal = {Math{\'e}matiques, informatique et sciences humaines},
	Number = {113},
	Pages = {35-55},
	Volume = {29},
	Year = {1991}}

@book{Maier1983,
	Author = {David Maier},
	Title = {The Theory of Relational Databases},
	Publisher = {Computer Science Press},
	Year = {1983}}

@inproceedings{Missaoui2017,
	Author = {Missaoui, Rokia and Emamirad, Kevin},
	Title = {{L}attice {M}iner 2.0: {A} {F}ormal {C}oncept {A}nalysis {T}ool},
	Booktitle = {Supplementary Proc. of ICFCA, Rennes, France, 2017},
	Pages = {91-94},
	Year = {2017}}

@inproceedings{Missaoui2011,
	Author = {Missaoui, Rokia and Kwuida, L{\'{e}}onard},
	Title = {Mining {T}riadic {A}ssociation {R}ules from {T}ernary {R}elations},
	Booktitle = {9th International Conference {ICFCA}},
	Month = {May},
	Year = {2011},
	Pages = {204-218}}

@article{Missaoui2012,
	Author = {Missaoui, Rokia and Nourine, Lhouari and Renaud, Yoan},
	Title = {Computing {I}mplications with {N}egation from a {F}ormal {C}ontext},
	Journal = {Fundam. Inf.},
	Volume = {115},
	Number = {4},
	Month = {December},
	Year = {2012},
	Pages = {357-375}}

@inbook{Nehme2005,
	Author = {Nehm{\'e}, Kamal and Valtchev, Petko and Rouane, Mohamed H. and Godin, Robert},
	Title = {On Computing the Minimal Generator Family for Concept Lattices and Icebergs},
	Publisher = {Springer Berlin Heidelberg},
	Year = {2005},
	Pages = {192-207}}

@misc{Objedkov2006,
	Author = {Objedkov, Sergei},
	Title = {The {C}oncept {E}xplorer},
	Howpublished = {\url{http://conexp.sourceforge.net/}},
	Year = {2006}}

@article{Pasquier1999,
	Author = {Pasquier, Nicolas and Bastide, Yves and Taouil, Rafik and Lakhal, Lotfi},
	Title = {Efficient {M}ining of {A}ssociation {R}ules {U}sing {C}losed {I}temset {L}attices},
	Journal = {Information Systems},
	Volume = {24},
	Number = {1},
	Year = {1999},
	Pages = {25-46}}

@inproceedings{Pfaltz2002,
	Author = {Pfaltz, J. and Taylor, C.},
	Title = {Scientific Discovery through IterativeT ransformations of Concept Lattices},
	Booktitle = {Proceedings of the 1st Internationla Workshop on Discrete Mathematics and Data Mining},
	Month = {April},
	Year = {2002},
	Pages = {65-74}}

@misc{Priss2007,
	Author = {Uta Priss},
	Howpublished = {\url{http://www.fcahome.org.uk/fca.html}},
	Title = {{F}ormal {C}oncept {A}nalysis {H}omepage},
	Year = {2007}}

@mastersthesis{Roberge2007,
	Author = {Genevi{\`{e}}ve Roberge},
	Title = {Visualisation des r{\'e}sultats d'une fouille de donn{\'e}es dans les treillis de concepts},
	School = {Universit{\'e} du Qu{\'e}bec en Outaouais},
	Year = {2007}}

@article{Rodriguez2017,
	Author = {Rodriguez-Lorenzo, Estrella and Cordero, Pablo and Enciso, Manuel and Missaoui, Rokia and Mora, Angel},
	Title = {An axiomatic {S}ystem for {C}onditional {A}ttribute {I}mplications in {T}riadic Concept Analysis},
	Journal = {International Journal of Intelligent Systems},
	Month = {February},
	Year = {2017}}

@article{Rouane2013,
	Author = {Rouane Hacene, Mohamed and Huchard, Marianne and Napoli, Amedeo and Valtchev, Petko},
	Title = {Relational concept analysis: mining concept lattices from multi-relational data},
	Journal = {Ann. Math. Artif. Intell.},
	Volume = {67},
	Number = {1},
	Year = {2013},
	Pages = {81-108}}

@phdthesis{Szathmary2006,
	Author = {Szathmary, Laszlo},
	Title = {Symbolic Data Mining Methods with the Coron Platform},
	School = {Univ. Henri Poincar\'e - Nancy 1, France},
	Type = {Th\`{e}se de doctorat},
	Month = {November},
	Year = {2006}}

@inproceedings{Valtchev2003,
	Author = {Petko Valtchev and David Grosser and Cyril Roume and Mohamed Rouane Hacene},
	Title = {Galicia: {A}n {O}pen {P}latform for {L}attices},
	Booktitle = {Using Conceptual Structures: Contributions to the 11th Intl. Conference on Conceptual Structures},
	Year = {2003},
	Publisher = {Shaker Verlag},
	Pages = {241-254}}

@inproceedings{Viaud2015,
	Author = {Viaud, Jean-Fran{\c c}ois and Bertet, Karell and Demko, Christophe and Missaoui, Rokia},
	Title = {{D{\'e}composition sous-directe d'un treillis en facteurs irr{\'e}ductibles}},
	Booktitle = {{Journ{\'e}es francophones d'Ing{\'e}nierie des Connaissances IC 2015}},
	Address = {Rennes, France},
	Month = {June},
	Year = {2015},
	Series = {collection AFIA}}
